<?xml version="1.0" encoding="UTF-8"?><collection xmlns="http://www.loc.gov/MARC21/slim"><record><leader>00411nam--2200133-i-4500</leader><controlfield tag="001">000019422</controlfield><controlfield tag="002">20161230</controlfield><controlfield tag="005">20161230201033</controlfield><controlfield tag="008">060222s1000------------r-----000-0-eng-d</controlfield><datafield ind1=" " ind2=" " tag="100"><subfield code="a">Farquhar, Ronald M. And York, Derek</subfield></datafield><datafield ind1=" " ind2=" " tag="245"><subfield code="a">The earth`s age and geochronology</subfield></datafield><datafield ind1=" " ind2=" " tag="260"><subfield code="a">Oxford, Pergamon Press, 1972.Viii + 178 P</subfield></datafield><datafield ind1=" " ind2=" " tag="490"><subfield code="a">The Commonwealth And International Library. Geophysics Division</subfield></datafield><datafield ind1=" " ind2=" " tag="852"><subfield code="a">38446</subfield></datafield></record></collection>